@misc{Therapeuticstrategies,
   title = {Sci-Hub | Therapeutic strategies for the treatment of stroke. Drug Discovery Today, 11(15-16), 681â€“693 | 10.1016/j.drudis.2006.06.001},
}
@article{Stroke1,
   title = {181017-Stroke-1-definition-burden-risk-factors-and-diagnosis2},
}
@misc{HemorrhagicStroke,
   title = {Overview of Hemorrhagic Stroke - Brain, Spinal Cord, and Nerve Disorders - MSD Manual Consumer Version},
}
@misc{IschemicStroke,
   title = {Ischemic Stroke - Brain, Spinal Cord, and Nerve Disorders - MSD Manual Consumer Version},
}
@misc{OverviewofStroke,
   title = {Overview of Stroke - Brain, Spinal Cord, and Nerve Disorders - MSD Manual Consumer Version},
}
@article{Epidemiologyofstroke,
   author = {C P Warlow},
   title = {Epidemiology of stroke},
}
@article{ Stroke,
   author = {Stephen Jx and Murphy David and J Werring},
   title = {Stroke: causes and clinical features},
}
@InProceedings{ Artho04,
}
@online{ Parkins2017,
}
@Misc{ Artho03,
}
@Article{ Beckman08,
}
@InProceedings{ Flanagan04,
}
@Misc{ IBM-Rep,
}
@InProceedings{ Praun03,
}
@InProceedings{ Shavit95,
}
@Book{ Silberschatz06,
}
@Book{ Moss85,
}
@Proceedings{ DBLP:conf/atva/2004,
}
@InProceedings{ecoop12-dias,
}
@online{wiki:shuntingyard,
    urldate = {2018-03-01},
}
@online{bison,
    urldate = {2020-07-26},
    title = {Gnu Bison},
}
@online{flex,
    urldate = {2020-07-26},
    title = {Fast Lexical Analyser},
}
